%# -*- coding: utf-8-unix -*-

@article{俄乌冲突的蝴蝶效应与中国粮食安全的地缘风险,
 author = {赵岚 and 李巍},
 title = {俄乌冲突的“蝴蝶效应”与中国粮食安全的地缘风险},
 journal = {太平洋学报},
 volume = {31},
 number ={3},
 pages= {29-41},
 year = {2023}
 }

@article{乌克兰危机对全球粮食安全的影响与中国应对策略, author = {赵玉菡 and 李先德}, title = {乌克兰危机对全球粮食安全的影响与中国应对策略}, journal = {华南农业大学学报(社会科学版)}, volume = {21},number={6}, pages = {91-103}, year = {2022}}

@article{俄乌冲突对全球和我国粮食安全短期影响及建议, author = {温志超}, title = {俄乌冲突对全球和我国粮食安全短期影响及建议}, journal = {中国物价}, volume = {399}, pages = {111-114}, number={7},year = {2022}}


@article{俄乌冲突对中国粮食安全的影响,
 author = {吴学明 and 刘怡鑫 and 何小伟},
 title = {俄乌冲突对中国粮食安全的影响},
 journal = {农业展望},
 volume = {18},
 number={4},
 pages = {82-86},
 year = {2022}
 }

@article{俄乌冲突对中国农产品供需直接影响分析,
 author = {许世卫 and 刘子源 and 张小允 and 袁世一},
 title = {俄乌冲突对中国农产品供需直接影响分析},
 journal = {农业展望},
 volume = {19},
 number ={2},
pages = {3-13},
 year = {2023}
 }

@article{基于SIR方法分析重庆市粮食产量,
 author = {李岩岩 and 康新梅},
 title = {基于SIR方法分析重庆市粮食产量},
 journal = {西南师范大学学报(自然科学版)},
 volume = {41},
 pages={194-198},
 number = {5},
 year = {2016}
 }

@article{孙君茂2018,
 author = {马云倩 and 郭燕枝 and 王秀丽 and 孙君茂},
 title = {基于LASSO与GM(1,N)模型的中国粮食产量预测},
 journal = {干旱区资源与环境},
 volume = {32},
 number = {7},
 pages = {30-35},
 year = {2018}
 }

@article{基于主成分分析的BP神经网络粮食产量预测模型,
 author = {钟奇},
 title = {基于主成分分析的BP神经网络粮食产量预测模型},
 journal = {食品安全导刊},
 volume = {349},
 number = {20},
 pages={172-174},
 year = {2022}
 }

@inproceedings{2005Study,
  title={Study of rough set based grey relational BP neural network on grain yield forecasting},
  author={Zhang, Yun and He, Yong},
  booktitle={2005 IEEE Engineering in Medicine and Biology 27th Annual Conference},
  pages={4534--4537},
  year={2006},
  organization={IEEE}
}


@article{韩万渠2008基于粗糙集理论的我国粮食生产能力制约因素分析,
  title={基于粗糙集理论的我国粮食生产能力制约因素分析},
  author={韩万渠 and 刘英基 and 李春喜},
  journal={安徽农业科学},
  volume={36},
  number={12},
  pages={5163-5164},
  year={2008}
}

@article{基于粗糙集方法的广东省粮食产量影响因素分析,
 author = {欧阳浩 and 戎陆庆 and 黄镇谨 and 陈波 and 王萌},
 title = {基于粗糙集方法的广东省粮食产量影响因素分析},
 journal = {中国农业资源与区划},
 volume = {35},
 number={6},
 pages = {100-107},
 year = {2014},
 }

@article{基于粗糙集理论的河南省粮食产量预测研究,
 author = {王丹丹},
 title = {基于粗糙集理论的河南省粮食产量预测研究},
 journal = {河南农业大学学报},
 volume = {49},
  number ={6},
 pages = {876-880},
 year = {2015}
 }

@article{2008Attributes,
  title={Attributes Reduction Using Fuzzy Rough Sets},
  author={ Tsang, E. C. C.  and  Chen, D.  and  Yeung, D. S.  and  Wang, X. Z.  and  Lee, J. },
  journal={IEEE Transactions on Fuzzy Systems},
  volume={16},
  number={5},
  pages={1130-1141},
  year={2008}
}

@article{2021Adaptive,
  title={Adaptive Hybrid Optimized Support Vector Regression with Lasso Feature Selection for Short-term Load Forecasting},
  author={ Che, J.  and  Xian, H.  and  Zhang, Y. },
  journal={IAENG Internaitonal journal of computer science},
  number={4 Pt.3},
  pages={48},
  year={2021}
}

@article{2021Determining,
  title={Determining threshold value on information gain feature selection to increase speed and prediction accuracy of random forest},
  author={ Prasetiyowati, Maria Irmina  and  Maulidevi, Nur Ulfa  and  Surendro, Kridanto },
  journal={Journal of Big Data},
  volume={8},
  number={1},
  year={2021},
}

@article{模糊粗糙集理论研究进展,
 author = {黄正华 and 胡宝清},
 title = {模糊粗糙集理论研究进展},
 journal = {模糊系统与数学},
 volume = {},
 number = {125-134},
 year = {2005},
 issn = {1001-7402},
 }

@article{2020Regional,
  title={Regional classification of urban land use based on fuzzy rough set in remote sensing images},
  author={ Chen, Gcz },
  journal={Journal of intelligent & fuzzy systems: Applications in Engineering and Technology},
  volume={38},
  number={4Pta1},
  year={2020},
}

@article{2022Guided,
  title={Guided regularized random forest feature selection for smartphone based human activity recognition},
  author={ Thakur, Dipanwita  and  Biswas, Suparna },
  journal={Journal of Ambient Intelligence and Humanized Computing},
  pages={1-13},
  year={2022},
}

@article{董云2015填充物与用种量对机械化条播油菜群体质量及产量的影响,
  title={填充物与用种量对机械化条播油菜群体质量及产量的影响},
  author={董云 and 孙万仓 and 庞进平 and 王文昌 and 郝玉红 and 王毅 and 靳丰蔚 and 徐一涌},
  journal={现代农业科技},
  number={11},
  pages={3},
  year={2015}
}

@article{哈斯也提·热合曼2020新疆,
  title={新疆1949—2019年洪水灾害调查与特征分析},
  author={哈斯也提·热合曼 and 阮新民 and 库尔班·依明 and 柴福鑫},
  journal={中国水利水电科学研究院学报},
  volume={18},
  number={5},
  pages={6},
  year={2020}
}

@article{刘明鹏2022氮肥施用对四川紫色土矿质态氮淋失特征及春玉米产量的影响,
  title={氮肥施用对四川紫色土矿质态氮淋失特征及春玉米产量的影响},
  author={刘明鹏 and 徐开未 and 肖华 and 陈晓辉 and 彭丹丹 and 卢俊宇 and 陈远学},
  journal={农业资源与环境学报},
  volume={39},
  number={1},
  pages={11},
  year={2022}
}


@article{zhu2022investigating,
  title={Investigating Contribution Factors of Grain Input to Output Transformation for the Inner Mongolia Autonomous Region in China},
  author={Zhu, Yongchang and Liu, Buchun and Liu, Yuan and Shirazi, Sana Zeeshan and Cui, Cheng and He, Jinna and Liu, Shanshan and Yang, Fan and Zhang, Xiaonan},
  journal={Agronomy},
  volume={12},
  number={7},
  pages={1537},
  year={2022},
  publisher={MDPI}
}

@article{俄乌冲突对我国粮食安全的影响及其对策研究,
 author = {黄艺博},
 title = {俄乌冲突对我国粮食安全的影响及其对策研究},
 journal = {现代商贸工业},
 volume = {44},
 number = {8},
 year = {2023},
 pages = {36-40}
 }

@article{2009New,
  title={New approaches to fuzzy-rough feature selection},
  author={ Jensen, R.  and  Qiang, S. },
  journal={IEEE Transactions on Fuzzy Systems},
  volume={17},
  number={4},
  pages={824-838},
  year={2009}
}

@article{pawlak1995rough,
  title={Rough sets},
  author={Pawlak, Zdzislaw and Grzymala-Busse, Jerzy and Slowinski, Roman and Ziarko, Wojciech},
  journal={Communications of the ACM},
  volume={38},
  number={11},
  pages={88--95},
  year={1995},
  publisher={ACM New York, NY, USA}
}

% @article{1998Rough,
%   title={Rough sets in knowledge discovery 1. Methodology and applications},
%   author={ Polkowski, L.  and  Skowron, A. },
%   journal={Methodology & Applications Physica Verlag},
%   year={1998},
% }

@book{1998Rough,
  title={Rough Sets in Knowledge Discovery 1: Methodology and Applications},
  author={Bazan, J and Polkowski, L and Skowron, A},
  year={1998},
  publisher={Heidelberg:Physica-Verlag:576}
}


@book{huang1992intelligent,
  title={Intelligent decision support: handbook of applications and advances of the rough sets theory},
  author={Huang, Shi-Yu},
  year={1992},
  publisher={Poznań:Springer Dordrecht:473}
}

@inproceedings{ziarko1994rough,
  title={Rough sets and knowledge discovery: An overview},
  author={Ziarko, Wojciech},
  booktitle={Rough Sets, Fuzzy Sets and Knowledge Discovery: Proceedings of the International Workshop on Rough Sets and Knowledge Discovery (RSKD’93), Banff, Alberta, Canada, 12--15 October 1993},
  pages={11--15},
  year={1994},
  organization={Springer}
}



@article{tsang2008attributes,
  title={Attributes reduction using fuzzy rough sets},
  author={Tsang, Eric CC and Chen, Degang and Yeung, Daniel S and Wang, Xi-Zhao and Lee, John WT},
  journal={IEEE Transactions on Fuzzy systems},
  volume={16},
  number={5},
  pages={1130--1141},
  year={2008},
  publisher={IEEE}
}

@article{jensen2004fuzzy,
  title={Fuzzy--rough attribute reduction with application to web categorization},
  author={Jensen, Richard and Shen, Qiang},
  journal={Fuzzy sets and systems},
  volume={141},
  number={3},
  pages={469--485},
  year={2004},
  publisher={Elsevier}
}

% @article{1998Discretization,
%   title={Discretization Problem for Rough Sets Methods},
%   author={ Nguyen, H. S. },
%   journal={Springer Berlin Heidelberg},
%   year={1998},
% }

@inproceedings{1998Discretization,
  title={Discretization problem for rough sets methods},
  author={Nguyen, Hung Son},
  booktitle={Rough Sets and Current Trends in Computing: First International Conference, RSCTC’98 Warsaw, Poland, June 22--26, 1998 Proceedings 1},
  pages={545--552},
  year={1998},
  organization={Springer}
}


@inproceedings{nguyen1995quantization,
  title={Quantization of real value attributes},
  author={NGUYEN, H Son},
  booktitle={Proc International Workshop on Rough Sets and Soft Computing at Second Joint Conference on Information Sciences (JCIS'95)},
  pages={34--37},
  year={1995}
}

@article{kai2017review,
  title={A review of rough set theory and its application [J]},
  author={Kai, Zhang and Jing, Yang},
  journal={Internet of Things Technology},
  volume={7},
  number={6},
  pages={93--94},
  year={2017}
}

@article{xie2017evaluation,
  title={Evaluation of insulation state of transformer oil-paper based on fuzzy rough set},
  author={Xie, Song and Zou, Yang and Cai, Jinding},
  journal={Chinese Journal of Scientific Instrument},
  volume={38},
  number={1},
  pages={190--197},
  year={2017}
}

% @article{ZHANGChao1531,
% author = {ZHANG Chao},
% author = {LI De-yu},
% author = {Zhang, Chao and Li, Deyu},
% title = {Pythagorean Fuzzy Rough Sets and its Applications in Multi-attribute Decision Making},
% publisher = {Journal of Chinese Computer Systems},
% year = {2016},
% journal = {Journal of Chinese Computer Systems},
% volume = {37},
% number = {7},
% eid = {1531},
% pages = {1531-1535},
% keywords = {rough sets|pythagorean fuzzy relation|pythagorean fuzzy rough sets|multiattribute decision making|occupation match evaluation},
% url = {http://xwxt.sict.ac.cn/EN/Y2016/V37/I7/1531},
% doi = {null},
% }

@article{ZHANGChao1531,
  title={Pythagorean fuzzy rough sets and its applications in multi-attribute decision making},
  author={Zhang, Chao and Li, DY},
  journal={Journal of Chinese Computer Systems},
  volume={37},
  number={7},
  pages={1531--1535},
  year={2016}
}




@article{rongchao2017fuzzy,
  title={Fuzzy Rough Set Model Based on Marking Relationship},
  author={Guo,Rongchao and Li,Deyu and Wang,Suge},
  journal={Pattern Recognition \& Artificial Intelligence},
  volume={30},
  number={10},
  pages={952--960},
  year={2017}
}

@misc{肖白2017一种基于模糊粗糙集理论和时空信息的空间负荷预测方法,
  title={一种基于模糊粗糙集理论和时空信息的空间负荷预测方法},
  author={肖白 and 刘庆永 and 姚狄 and 房龙江 and 宋凯豪},
  year={2017},
}

@article{曹愈远2017基于模糊粗糙集,
  title={基于模糊粗糙集和SVM的航空发动机故障诊断},
  author={曹愈远 and 张建 and 李艳军 and 张丽娜},
  journal={振动．测试与诊断},
  volume={37},
  number={1},
  pages={169-173},
  year={2017}
}

@article{duan2020energy,
  title={Energy big data demand prediction model based on fuzzy rough set},
  author={Duan, Zhimei and Yuan, Xiaojin and Zhu, Rongfei},
  journal={Journal of Intelligent \& Fuzzy Systems},
  volume={39},
  number={4},
  pages={5291--5300},
  year={2020},
  publisher={IOS Press}
}

@article{BestOverview,
  title={Attribute reduction methods in fuzzy rough set theory: An overview, comparative experiments, and new directions},
  author={ Yuan, Z.  and  Chen, H.  and  Xie, P.  and  Zhang, P.  and  Li, T. },
  journal={Applied Soft Computing},
  volume={107},
  number={2},
  pages={107353},
  year={2021}
}


@article{KUNCHEVA1992147,
  title={Fuzzy rough sets: application to feature selection},
  author={Kuncheva, Ludmila Ilieva},
  journal={Fuzzy sets and Systems},
  volume={51},
  number={2},
  pages={147--153},
  year={1992},
  publisher={Elsevier}
}


@article{2004Fuzzy,
  title={Fuzzy–rough attribute reduction with application to web categorization},
  author={ Jensen, R.  and  Qiang, S. },
  journal={Fuzzy Sets & Systems},
  volume={141},
  number={3},
  pages={469-485},
  year={2004}
}

@article{2005Fuzzy,
  title={Fuzzy-rough data reduction with ant colony optimization},
  author={ Jensen, R.  and  Qiang, S. },
  journal={Fuzzy Sets & Systems},
  volume={149},
  number={1},
  pages={5-20},
  year={2005}
}

@article{2005On,
  title={On fuzzy-rough sets approach to feature selection},
  author={ Bhatt, R. B.  and  Gopal, M. },
  journal={Pattern Recognition Letters},
  volume={26},
  number={7},
  pages={965-975},
  year={2005}
}

@article{2005compact,
  title={On the compact computational domain of fuzzy-rough sets.},
  author={ Bhatt, R. B.  and  Gopal, M. },
  journal={Pattern Recognition Letters},
  volume={26},
  number={11},
  pages={1632-1640},
  year={2005}
}

@article{2010Feature,
  title={Feature Selection with Fuzzy Decision Reducts},
  author={ Cornelis, C.  and  Martin, G. H.  and  Jensen, R.  and  Slezak, D. },
  journal={Information Sciences},
  volume={180},
  number={2},
  pages={209-224},
  year={2010}
}

% @article{2010Gaussian,
%   title={Gaussian kernel based fuzzy rough sets: Model, uncertainty measures and applications},
%   author={ Hu, Q.  and  Lei, Z.  and  Chen, D.  and  Pedrycz, W.  and  Yu, D. },
%   journal={International journal of approximate reasoning},
%   volume={51},
%   number={4},
%   pages={págs.  453-471},
%   year={2010}
% }

@article{2010Gaussian,
  title={Gaussian kernel based fuzzy rough sets: model, uncertainty measures and applications},
  author={Hu, Qinghua and Zhang, Lei and Chen, Degang and Pedrycz, Witold and Yu, Daren},
  journal={International Journal of Approximate Reasoning},
  volume={51},
  number={4},
  pages={453--471},
  year={2010},
}




@article{mac2013unsupervised,
  title={Unsupervised fuzzy-rough set-based dimensionality reduction},
  author={Mac Parthal{\'a}in, Neil and Jensen, Richard},
  journal={Information Sciences},
  volume={229},
  pages={106--121},
  year={2013},
  publisher={Elsevier}
}


@article{qian2015fuzzy,
  title={Fuzzy-rough feature selection accelerator},
  author={Qian, Yuhua and Wang, Qi and Cheng, Honghong and Liang, Jiye and Dang, Chuangyin},
  journal={Fuzzy Sets and Systems},
  volume={258},
  pages={61--78},
  year={2015},
  publisher={Elsevier}
}


@article{zhang2018fuzzy,
  title={A fuzzy rough set-based feature selection method using representative instances},
  author={Zhang, Xiao and Mei, Changlin and Chen, Degang and Yang, Yanyan},
  journal={Knowledge-Based Systems},
  volume={151},
  pages={216--229},
  year={2018},
  publisher={Elsevier}
}


@article{ni2019positive,
  title={PARA: A positive-region based attribute reduction accelerator},
  author={Ni, Peng and Zhao, Suyun and Wang, Xizhao and Chen, Hong and Li, Cuiping},
  journal={Information Sciences},
  volume={503},
  pages={533--550},
  year={2019},
  publisher={Elsevier}
}


@article{路松峰2008,
 author = {路松峰 and 刘芳 and 胡波},
 title = {一种基于属性依赖的属性约简算法},
 journal = {华中科技大学学报(自然科学版)},
 volume = {291},
 pages = {39-41},
 number={2},
 year = {2008},
 }

@article{翟俊海2014,
 author = {翟俊海 and 万丽艳 and 王熙照},
 title = {最小相关性最大依赖度属性约简},
 journal = {计算机科学},
 volume = {41},
 number={12},
 pages = {148-150},
 year = {2014}
 }

@article{2020Information,
  title={Information structures in a covering information system},
  author={ Zla, B  and  Dan, H. C.  and  Xl, D  and  Nx, E  and  Gz, E },
  journal={Information Sciences},
  volume={507},
  pages={449-471},
  year={2020}
}

% @article{Jianhua2017Neighbor,
%   title={Neighbor Inconsistent Pair Selection for Attribute Reduction by Rough Set Approach},
%   author={Jianhua and Dai and Qinghua and Hu and Hu and Hu and Debiao and Huang},
%   journal={IEEE Transactions on Fuzzy Systems},
%   year={2017}
% }

@article{Jianhua2017Neighbor,
  title={Neighbor inconsistent pair selection for attribute reduction by rough set approach},
  author={Dai, Jianhua and Hu, Qinghua and Hu, Hu and Huang, Debiao},
  journal={IEEE Transactions on Fuzzy Systems},
  volume={26},
  number={2},
  pages={937--950},
  year={2017},
}



% @article{2022Deep,
%   title={Deep learning for missing value imputation of continuous data and the effect of data discretization},
%   author={ Lin, W. C.  and  Tsai, C. F.  and  Zhong, J. R. },
%   journal={Knowledge-Based Systems},
%   volume={239},
%   pages={108079-},
%   year={2022}
% }

@article{2022Deep,
  title={Deep learning for missing value imputation of continuous data and the effect of data discretization},
  author={Lin, Wei-Chao and Tsai, Chih-Fong and Zhong, Jia Rong},
  journal={Knowledge-Based Systems},
  volume={239},
  pages={108079},
  year={2022},
}



@article{dubois1990rough,
  title={Rough fuzzy sets and fuzzy rough sets},
  author={Dubois, Didier and Prade, Henri},
  journal={International Journal of General System},
  volume={17},
  number={2-3},
  pages={191--209},
  year={1990},
  publisher={Taylor \& Francis}
}

% @{5}{基于粗糙集和模糊粗糙集的属性约简研究,
%  author = {廖倩},
%  title = {基于粗糙集和模糊粗糙集的属性约简研究},
%  school = {武汉纺织大学},
%  year = {2012}
%  }

@book{粒计算基础教程,
  title={粒计算基础教程},
  author={陈德刚 and 徐伟华 and 李金海 and 胡清华},
  publisher={北京:科学出版社:126},
  year={2019},
}



@article{dong2023incremental,
  title={Incremental feature selection with fuzzy rough sets for dynamic data sets},
  author={Dong, Lianjie and Wang, Ruihong and Chen, Degang},
  journal={Fuzzy Sets and Systems},
  volume={https://doi.org/10.1016/j.fss.2023.03.006},
  year={2023}
}

@mastersthesis{基于粗糙集和模糊粗糙集的属性约简研究,
  author  = {廖倩},
  title   = {基于粗糙集和模糊粗糙集的属性约简研究},
  school  = {武汉纺织大学},
  year    = {2012}
}

@inproceedings{gu2014knowledge,
  title={Knowledge approximations in multi-scale ordered information systems},
  author={Gu, Shen-Ming and Wu, Yi and Wu, Wei-Zhi and Li, Tong-Jun},
  booktitle={Rough Sets and Knowledge Technology: 9th International Conference, RSKT 2014, Shanghai, China, October 24-26, 2014, Proceedings 9},
  pages={525--534},
  year={2014},
  organization={Springer}
}






@article{磷肥用量对玉米产量的影响,
 author = {孙慧},
 title = {磷肥用量对玉米产量的影响},
 journal = {特种经济动植物},
 volume = {26},
  number = {4},
 pages = {29-31},
 year = {2023},
 issn = {1001-4713}
 }

@article{磷钾肥配合施用对玉米产量及养分吸收的影响,
 author = {武际 and 郭熙盛 and 王文军 and 朱宏斌 and 李孝勇},
 title = {磷钾肥配合施用对玉米产量及养分吸收的影响},
 journal = {玉米科学},
 volume = {},
  number ={3},
pages= {147-150},
 year = {2006}
 }

@article{施用氮磷钾肥对夏玉米产量和品质的影响,
 author = {郭中义 and 孟祥锋 and 张明 and 王守刚},
 title = {施用氮磷钾肥对夏玉米产量和品质的影响},
 journal = {土壤肥料},
 volume = {},
number={1},
 pages = {25-26},
 year = {2004},
 }

@article{可降解农膜在玉米上的应用研究,
 author = {张景云 and 张英武 and 鞠成梅 and 蔡敦江},
 title = {可降解农膜在玉米上的应用研究},
 journal = {现代化农业},
 volume = {},
number={9},
pages = {10-12},
 year = {2003},
 }

@article{东北三省地区生长季旱涝对春玉米产量的影响,
 author = {王蔚丹 and 孙丽 and 裴志远 and 马尚杰 and 陈媛媛 and 孙娟英 and 董沫},
 title = {东北三省地区生长季旱涝对春玉米产量的影响},
 journal = {智慧农业(中英文)},
 volume = {3},
  number ={2},
 pages= {126-137},
 year = {2021},
 }

@article{浅谈玉米节水灌溉机械化播种作业技术,
 author = {陆洪娟},
 title = {浅谈玉米节水灌溉机械化播种作业技术},
 journal = {农民致富之友},
 volume = {608},
 number = {15},
 pages={126},
 year = {2019},
 }

@mastersthesis{基于Lasso的我国股票价格影响因素分析,
 author = {张兴凤},
 title = {基于Lasso的我国股票价格影响因素分析},
 school = {西南财经大学},
 year = {2016}
 }

@phdthesis{随机森林算法优化研究,
 author = {曹正凤},
 title = {随机森林算法优化研究},
 school = {首都经济贸易大学},
 year = {2014}
 }

@article{jeong2016random,
  title={Random forests for global and regional crop yield predictions},
  author={Jeong, Jig Han and Resop, Jonathan P and Mueller, Nathaniel D and Fleisher, David H and Yun, Kyungdahm and Butler, Ethan E and Timlin, Dennis J and Shim, Kyo-Moon and Gerber, James S and Reddy, Vangimalla R and others},
  journal={PloS one},
  volume={11},
  number={6},
  pages={e0156571},
  year={2016},
  publisher={Public Library of Science San Francisco, CA USA}
}

@article{khaki2019crop,
  title={Crop yield prediction using deep neural networks},
  author={Khaki, Saeed and Wang, Lizhi},
  journal={Frontiers in plant science},
  volume={10},
  pages={621},
  year={2019},
  publisher={Frontiers Media SA}
}




@comment{jabref-meta: databaseType:biblatex;}

@comment{jabref-entrytype: Collection: req[author;title;location;publisher;date] opt[]}

@comment{jabref-entrytype: Newspaper: req[] opt[]}

@comment{jabref-entrytype: Online: req[author;title;date;url;urldate;version] opt[doi]}

@comment{jabref-entrytype: Report: req[author;title;type;number;address;institution;date;pages] opt[url;urldate;doi;subtitle]}

@comment{jabref-entrytype: Thesis: req[author;title;type;address;institution;date;pages] opt[url;urldate;doi]}

@comment{jabref-entrytype: Www: req[;author;title;url;urldate] opt[]}





